@online{haskell-for-all_lenses,
	url = {http://www.haskellforall.com/2012/01/haskell-for-mainstream-programmers_28.html},
	title = Lenses,
	urldate = {2019-09-08}
}
@online{hackage-lens,
	url = {https://hackage.haskell.org/package/lens},
	title = lens,
	urldate = {2019-09-09}
}
