@online{shakebuild,
	url   = {https://shakbuild.com/},
	title = {Shake Project Page},
	urldate  = {2020-02-29},
}