@online{agda-user-guide,
	url = {https://agda.readthedocs.io/en/v2.6.0.1/index.html},
	title = {Agda User Guide},
	urldate = {2019-09-08}
}
@online{vim-editing,
	url = {https://wiki.portal.chalmers.se/agda/pmwiki.php?n=Main.VIMEditing},
	title = {VIM Editing},
	urldate = {2019-09-08}
}
@online{agda-stdlib,
	url = {https://github.com/agda/agda-stdlib},
	title = {The Agda standard library},
	urldate = {2019-09-08}
}
@online{scripts-uni,
	url = {https://github.com/neosimsim/scripts/blob/master/uni},
	title = {neosimsim/scripts},
	urldate = {2019-09-08}
}
@online{agda-vim,
	url = {https://github.com/derekelkins/agda-vim},
	title = {derekelkins/agda-vim},
	urldate = {2019-09-08}
}
@online{emacs-mode,
	url = {https://agda.readthedocs.io/en/v2.6.0.1/tools/emacs-mode.html},
	title = {Agda â€” Emacs Mode},
	urldate = {2019-10-26}
}
@online{plfa,
        url = {https://plfa.github.io/},
	title = {Programming Language Foundations in Agda},
	urldarte = {2019-10-27}
}