@online{agda-stdlib-1.3-changelog-reasoning,
	url   = {https://github.com/agda/agda-stdlib/blob/v1.3/CHANGELOG.md#changes-to-how-equational-reasoning-is-implemented},
	title = {Agda std-lib Changelog},
	urldate  = {2020-02-28},
}